% This file was created with JabRef 2.10.
% Encoding: UTF8

@String { biorob = {Int. Conf. Biomedical Robotics and Biomechatronics (BioRob)} }
@String { icra   = {Proc. IEEE Int. Conf. Robotics and Automation (ICRA)} }
@String { ijrr   = {Int. Journal of Robotics Research} }
@String { iros   = {IEEE/RSJ Int. Conf. on Intelligent Robots and Systems (IROS)} }
@String { iser   = {International Symposium on Experimental Robotics} }
@String { isrr   = {Int. Symp. on Robotics Research (ISRR)} }
@String { jra    = {IEEE Journal of Robotics and Automation} }
@String { rss    = {Robotics: Science and Systems (RSS)} }
@String { tra    = {IEEE Trans. on Robotics and Automation} }
@String { tro    = {IEEE Trans. on Robotics} }
@String { wafr   = {Proc. Workshop Algorithmic Foundations of Robotics (WAFR)} }

@InProceedings{althoefer2008air,
  Title                    = {Air-cushion force sensitive probe for soft tissue investigation during minimally invasive surgery},
  Author                   = {Althoefer, Kaspar and Zbyszewski, Dinusha and Liu, Hongbin and Puangmali, Pinyo and Seneviratne, Lakmal and Challacombe, Benjamin and Dasgupta, Prokar and Murphy, Declan},
  Booktitle                = {Sensors, 2008 IEEE},
  Year                     = {2008},
  Organization             = {IEEE},
  Pages                    = {827--830}
}

@Article{beccani2014wireless,
  Title                    = {Wireless tissue palpation for intraoperative detection of lumps in the soft tissue},
  Author                   = {Beccani, Marco and Di Natali, Christian and Sliker, Levin J and Schoen, Jonathan A and Rentschler, Mark E and Valdastri, Pietro},
  Journal                  = {Biomedical Engineering, IEEE Transactions on},
  Year                     = {2014},
  Number                   = {2},
  Pages                    = {353--361},
  Volume                   = {61},

  Publisher                = {IEEE}
}

@InProceedings{clark1988magnetic,
  Title                    = {A magnetic field based compliance matching sensor for high resolution, high compliance tactile sensing},
  Author                   = {Clark, J.J.},
  Booktitle                = {Robotics and Automation, 1988. Proceedings., 1988 IEEE International Conference on},
  Year                     = {1988},
  Month                    = {Apr},
  Pages                    = {772-777 vol.2},

  Doi                      = {10.1109/ROBOT.1988.12152},
  Keywords                 = {image sensors;magnetic field measurement;tactile sensors;compliance matching;image sensors;magnetic field;tactile sensors;Biomembranes;Ferroelectric materials;Force measurement;Magnetic sensors;Sensor arrays;Shape measurement;Spatial resolution;Strain measurement;Stress;Tactile sensors}
}

@InProceedings{Darzi2004_ARM,
  Title                    = {The Impact of Minimally Invasive Surgical Techniques},
  Author                   = {S. A. Darzi and Y. Munz},
  Booktitle                = {Annu Rev Med.},
  Year                     = {2004},
  Pages                    = {223-237},
  Volume                   = {55}
}

@InProceedings{demi2005touch,
  Title                    = {The touch and feel in minimally invasive surgery},
  Author                   = {Demi, B and Ortmaier, Tobias and Seibold, Ulrich},
  Booktitle                = {Haptic Audio Visual Environments and their Applications, 2005. IEEE International Workshop on},
  Year                     = {2005},
  Organization             = {IEEE},
  Pages                    = {6--pp}
}

@Article{futai2004flexible,
  Title                    = {A flexible micromachined planar spiral inductor for use as an artificial tactile mechanoreceptor},
  Author                   = {Futai, Nobuyuki and Matsumoto, Kiyoshi and Shimoyama, Isao},
  Journal                  = {Sensors and Actuators A: Physical},
  Year                     = {2004},
  Number                   = {2},
  Pages                    = {293--303},
  Volume                   = {111},

  Publisher                = {Elsevier}
}

@InProceedings{gafford2014monolithic,
  Title                    = {A monolithic approach to fabricating low-cost, millimeter-scale multi-axis force sensors for minimally-invasive surgery},
  Author                   = {Gafford, Joshua B and Kesner, Samuel B and Degirmenci, Alperen and Wood, Robert J and Howe, Robert D and Walsh, Conor J},
  Booktitle                = {Robotics and Automation (ICRA), 2014 IEEE International Conference on},
  Year                     = {2014},
  Organization             = {IEEE},
  Pages                    = {1419--1425}
}

@Article{girao2013tactile,
  Title                    = {Tactile sensors for robotic applications},
  Author                   = {Gir{\~a}o, Pedro Silva and Ramos, Pedro Miguel Pinto and Postolache, Octavian and Pereira, Jos{\'e} Miguel Dias},
  Journal                  = {Measurement},
  Year                     = {2013},
  Number                   = {3},
  Pages                    = {1257--1271},
  Volume                   = {46},

  Publisher                = {Elsevier}
}

@Article{goldman2013algorithms,
  Title                    = {Algorithms for autonomous exploration and estimation in compliant environments},
  Author                   = {Goldman, Roger E and Bajo, Andrea and Simaan, Nabil},
  Journal                  = {Robotica},
  Year                     = {2013},
  Number                   = {01},
  Pages                    = {71--87},
  Volume                   = {31},

  Publisher                = {Cambridge Univ Press}
}

@Article{greenish2002measurement,
  Title                    = {Measurement, analysis, and display of haptic signals during surgical cutting},
  Author                   = {Greenish, Stephanie and Hayward, Vincent and Chial, Vanessa and Okamura, Allison and Steffen, Thomas},
  Journal                  = {Presence: Teleoperators and Virtual Environments},
  Year                     = {2002},
  Number                   = {6},
  Pages                    = {626--651},
  Volume                   = {11},

  Publisher                = {MIT Press}
}

@InProceedings{gwilliam2010human,
  Title                    = {Human vs. robotic tactile sensing: Detecting lumps in soft tissue},
  Author                   = {Gwilliam, James C and Pezzementi, Zachary and Jantho, Erica and Okamura, Allison M and Hsiao, Steven},
  Booktitle                = {Haptics Symposium, 2010 IEEE},
  Year                     = {2010},
  Organization             = {IEEE},
  Pages                    = {21--28}
}

@Article{hayes1972mathematical,
  Title                    = {A mathematical analysis for indentation tests of articular cartilage},
  Author                   = {Hayes, WC and Keer, LM and Herrmann, G and Mockros, LF},
  Journal                  = {Journal of biomechanics},
  Year                     = {1972},
  Number                   = {5},
  Pages                    = {541--551},
  Volume                   = {5},

  Publisher                = {Elsevier}
}

@Article{hu2010bioinspired,
  Title                    = {Bioinspired 3-D Tactile Sensor for Minimally Invasive Surgery},
  Author                   = {Yating Hu and Katragadda, R.B. and Tu, Hongen and Qinglong Zheng and Yuefa Li and Yong Xu},
  Journal                  = {Microelectromechanical Systems, Journal of},
  Year                     = {2010},

  Month                    = {Dec},
  Number                   = {6},
  Pages                    = {1400-1408},
  Volume                   = {19},

  Doi                      = {10.1109/JMEMS.2010.2076778},
  ISSN                     = {1057-7157},
  Keywords                 = {bioMEMS;microsensors;piezoresistive devices;resistors;silicon;surgery;tactile sensors;bioinspired 3D tactile sensor;central silicon post;deep reactive-ion etching;fabrication process;hair cells;minimally invasive surgery;normal force sensitivity;packaged tactile sensor;piezoresistor-embedded polyimide diaphragm;resistance change;rubber scratching test;shear force sensitivity;Minimally invasive surgery;Piezoresistive devices;Polyimides;Tactile sensors;Microelectromechanical devices;piezoresistive devices;surgery;tactile sensors}
}

@Article{konstantinova2014implementation,
  Title                    = {Implementation of Tactile Sensing for Palpation in Robot-Assisted Minimally Invasive Surgery: A Review},
  Author                   = {Konstantinova, J. and Jiang, A. and Althoefer, K. and Dasgupta, P. and Nanayakkara, T.},
  Journal                  = {Sensors Journal, IEEE},
  Year                     = {2014},

  Month                    = {Aug},
  Number                   = {8},
  Pages                    = {2490-2501},
  Volume                   = {14},

  Doi                      = {10.1109/JSEN.2014.2325794},
  ISSN                     = {1530-437X},
  Keywords                 = {medical robotics;surgery;tactile sensors;RMIS;manual palpation;palpation devices;probing devices;robot assisted minimally invasive surgery;surgical applications;tactile sensing;tactile sensors;Biological tissues;Optical fiber sensors;Probes;Surgery;Tactile sensors;Force sensors;medical robotics;minimally invasive surgery;tactile sensors}
}

@Article{liu2011rolling,
  Title                    = {Rolling indentation probe for tissue abnormality identification during minimally invasive surgery},
  Author                   = {Liu, Hongbin and Li, Jichun and Song, Xiaojing and Seneviratne, Lakmal D and Althoefer, Kasparl},
  Journal                  = {Robotics, IEEE Transactions on},
  Year                     = {2011},
  Number                   = {3},
  Pages                    = {450--460},
  Volume                   = {27},

  Publisher                = {IEEE}
}

@Article{liu2010rolling,
  Title                    = {Rolling mechanical imaging for tissue abnormality localization during minimally invasive surgery},
  Author                   = {Liu, Hongbin and Noonan, David P and Challacombe, Benjamin J and Dasgupta, Prokar and Seneviratne, Lakmal D and Althoefer, Kaspar},
  Journal                  = {Biomedical Engineering, IEEE Transactions on},
  Year                     = {2010},
  Number                   = {2},
  Pages                    = {404--414},
  Volume                   = {57},

  Publisher                = {IEEE}
}

@Article{mccreery2008feasibility,
  Title                    = {Feasibility of locating tumours in lung via kinaesthetic feedback},
  Author                   = {McCreery, Greig L and Trejos, Ana Luisa and Naish, Michael D and Patel, Rajni V and Malthaner, Richard A},
  Journal                  = {The International Journal of Medical Robotics and Computer Assisted Surgery},
  Year                     = {2008},
  Number                   = {1},
  Pages                    = {58--68},
  Volume                   = {4},

  Publisher                = {Wiley Online Library}
}

@Article{mckay2006technical,
  Title                    = {Optimum Incision Length for Port Insertion in Laparoscopic Surgery},
  Author                   = {McKay, Damian and Blake, Geoffrey},
  Journal                  = {Annals of the Royal College of Surgeons of England},
  Year                     = {2006},
  Number                   = {1},
  Pages                    = {78},
  Volume                   = {88},

  Publisher                = {Royal College of Surgeons of England}
}

@Article{murayama2008development,
  Title                    = {Development of a new instrument for examination of stiffness in the breast using haptic sensor technology},
  Author                   = {Murayama, Yoshinobu and Haruta, Mineyuki and Hatakeyama, Yuichi and Shiina, Takayuki and Sakuma, Hiroshi and Takenoshita, Seichi and Omata, Sadao and Constantinou, Christos E},
  Journal                  = {Sensors and Actuators A: Physical},
  Year                     = {2008},
  Number                   = {2},
  Pages                    = {430--438},
  Volume                   = {143},

  Publisher                = {Elsevier}
}

%@InProceedings{Nichols2013_ICRA,
%  Title                    = {Autonomous Robotic Palpation: Machine Learning Techniques to Identify Hard Inclusions in Soft Tissues},
%  Author                   = {Nichols, Kirk A and Okamura, Allison M},
%  Booktitle                = icra,
%  Year                     = {2013},
%  Pages                    = {4384--4389}
%}

@article{Nichols,
	title={Methods to Segment Hard Inclusions in Soft Tissues},
	author={Nichols, Kirk A. and Okamura, Allison M.},
	journal={{IEEE Transactions on Robotics}},
	year={accepted}
}

@InProceedings{ohka2008robotic,
  Title                    = {A robotic finger equipped with an optical three-axis tactile sensor},
  Author                   = {Ohka, M. and Morisawa, N. and Suzuki, H. and Takata, J. and Koboyashi, H. and Yussof, H.B.},
  Booktitle                = {Robotics and Automation, 2008. ICRA 2008. IEEE International Conference on},
  Year                     = {2008},
  Month                    = {May},
  Pages                    = {3425-3430},

  Doi                      = {10.1109/ROBOT.2008.4543734},
  ISSN                     = {1050-4729},
  Keywords                 = {dexterous manipulators;tactile sensors;dexterous hands;optical three-axis tactile sensor;robotic finger;shearing forces;Fingers;Grasping;Humanoid robots;Object detection;Optical sensors;Optical surface waves;Optical waveguides;Robot sensing systems;Shearing;Tactile sensors}
}

@Article{ohuchida2013robotic,
  Title                    = {Robotic surgery for cancer},
  Author                   = {Ohuchida, Kenoki and Hashizume, Makoto},
  Journal                  = {The Cancer Journal},
  Year                     = {2013},
  Number                   = {2},
  Pages                    = {130--132},
  Volume                   = {19},

  Publisher                = {LWW}
}

@InProceedings{ottensmeyer2001vivo,
  Title                    = {In vivo data acquisition instrument for solid organ mechanical property measurement},
  Author                   = {Ottensmeyer, Mark P and Salisbury Jr, J Kenneth},
  Booktitle                = {Medical Image Computing and Computer-Assisted Intervention--MICCAI 2001},
  Year                     = {2001},
  Organization             = {Springer},
  Pages                    = {975--982}
}

@Article{peng2011handheld,
  Title                    = {Handheld microtactile sensor for elasticity measurement},
  Author                   = {Peng, Peng and Rajamani, Rajesh},
  Journal                  = {Sensors Journal, IEEE},
  Year                     = {2011},
  Number                   = {9},
  Pages                    = {1935--1942},
  Volume                   = {11},

  Publisher                = {IEEE}
}

@Article{perri2010initial,
  Title                    = {Initial Evaluation of a Tactile/Kinesthetic Force Feedback System for Minimally Invasive Tumor Localization},
  Author                   = {Perri, M.T. and Trejos, A.L. and Naish, M.D. and Patel, R.V. and Malthaner, R.A.},
  Journal                  = {Mechatronics, IEEE/ASME Transactions on},
  Year                     = {2010},

  Month                    = {Dec},
  Number                   = {6},
  Pages                    = {925-931},
  Volume                   = {15},

  Doi                      = {10.1109/TMECH.2010.2078829},
  ISSN                     = {1083-4435},
  Keywords                 = {force feedback;haptic interfaces;medical diagnostic computing;patient diagnosis;surgery;tactile sensors;tumours;TSS performance;ex vivo bovine liver;finger palpation;handheld tactile sensing instrument;hemispherical tumor;intraoperative tumor localization;kinesthetic force feedback system;minimally invasive surgery;minimally invasive tumor localization;visual force feedback;visualization interface;Force feedback;Haptic interfaces;Minimally invasive surgery;Tactile sensors;Tumors;Force feedback;haptics;minimally invasive surgery (MIS);palpation;tactile sensor;tumor localization}
}

@Article{puangmali2008state,
  Title                    = {State-of-the-art in force and tactile sensing for minimally invasive surgery},
  Author                   = {Puangmali, Pinyo and Althoefer, Kaspar and Seneviratne, Lakmal D and Murphy, Declan and Dasgupta, Prokar},
  Journal                  = {Sensors Journal, IEEE},
  Year                     = {2008},
  Number                   = {4},
  Pages                    = {371--381},
  Volume                   = {8},

  Publisher                = {IEEE}
}

@Article{puangmali2012miniature,
  Title                    = {Miniature 3-axis distal force sensor for minimally invasive surgical palpation},
  Author                   = {Puangmali, Pinyo and Liu, Hongbin and Seneviratne, Lakmal D and Dasgupta, Prokar and Althoefer, Kaspar},
  Journal                  = {Mechatronics, IEEE/ASME Transactions on},
  Year                     = {2012},
  Number                   = {4},
  Pages                    = {646--656},
  Volume                   = {17},

  Publisher                = {IEEE}
}

@Article{qasaimeh2009pvdf,
  Title                    = {PVDF-Based Microfabricated Tactile Sensor for Minimally Invasive Surgery},
  Author                   = {Qasaimeh, M.A. and Sokhanvar, S. and Dargahi, J. and Kahrizi, M.},
  Journal                  = {Microelectromechanical Systems, Journal of},
  Year                     = {2009},

  Month                    = {Feb},
  Number                   = {1},
  Pages                    = {195-207},
  Volume                   = {18},

  Doi                      = {10.1109/JMEMS.2008.2008559},
  ISSN                     = {1057-7157},
  Keywords                 = {biomedical equipment;finite element analysis;microsensors;surgery;tactile sensors;3-D finite element modeling;PVDF-based microfabricated tactile sensor;in situ measurement;microfabrication procedure;micromachined sensor;minimally invasive surgery;polyvinylidene fluoride;stress distribution;tactile information;Microelectromechanical devices;minimally invasive surgery (MIS);piezoelectric polyvinylidene fluoride (PVDF);tactile sensor}
}

@InProceedings{sarvazyan1998computerized,
  Title                    = {Computerized palpation is more sensitive than human finger},
  Author                   = {Sarvazyan, AP},
  Booktitle                = {Proceedings of the 12th International Symposium on Biomedical Measurements and Instrumentation},
  Year                     = {1998},
  Pages                    = {523--24}
}

@InProceedings{shashank2009design,
  Title                    = {Design, simulation and fabrication of a low cost capacitive tactile shear sensor for a robotic hand},
  Author                   = {Shashank, A. and Tiwana, M.I. and Redmond, S.J. and Lovell, N.H.},
  Booktitle                = {Engineering in Medicine and Biology Society, 2009. EMBC 2009. Annual International Conference of the IEEE},
  Year                     = {2009},
  Month                    = {Sept},
  Pages                    = {4132-4135},

  Doi                      = {10.1109/IEMBS.2009.5332724},
  ISSN                     = {1557-170X},
  Keywords                 = {capacitive sensors;mathematical analysis;medical robotics;printed circuit design;tactile sensors;COMSOL model;capacitive tactile shear sensor;differential capacitor arrangement;mathematical model;printed circuit board;prototype sensors;robotic hand;sensor design;sensor fabrication;sensor simulation;static shear force measurement;Computer Simulation;Computer-Aided Design;Electric Capacitance;Equipment Design;Models, Theoretical;Pressure;Robotics;Shear Strength;Silicones;Static Electricity;Stress, Mechanical;Transducers}
}

@Article{sohn2013robotic,
  Title                    = {Robotic surgery: review of prostate and bladder cancer},
  Author                   = {Sohn, William and Lee, Hak J and Ahlering, Thomas E},
  Journal                  = {The Cancer Journal},
  Year                     = {2013},
  Number                   = {2},
  Pages                    = {133--139},
  Volume                   = {19},

  Publisher                = {LWW}
}

@Article{takao2006monolithic,
  Title                    = {Monolithic silicon smart tactile image sensor with integrated strain sensor array on pneumatically swollen single-diaphragm structure},
  Author                   = {Takao, Hidekuni and Sawada, Kazuaki and Ishida, Makoto},
  Journal                  = {Electron Devices, IEEE Transactions on},
  Year                     = {2006},
  Number                   = {5},
  Pages                    = {1250--1259},
  Volume                   = {53},

  Publisher                = {IEEE}
}

@InProceedings{takenawa2009soft,
  Title                    = {A soft three-axis tactile sensor based on electromagnetic induction},
  Author                   = {Takenawa, S.},
  Booktitle                = {Mechatronics, 2009. ICM 2009. IEEE International Conference on},
  Year                     = {2009},
  Month                    = {April},
  Pages                    = {1-6},

  Doi                      = {10.1109/ICMECH.2009.4957194},
  Keywords                 = {electromagnetic induction;force measurement;magnetic fields;permanent magnets;tactile sensors;cylindrical permanent magnet;displacement gauge;electromagnetic induction;force vector;magnetic field;sensor sensitivity;slip detection;soft three-axis tactile sensor;three-axis force;three-axis force measurement;Electromagnetic induction;Force sensors;Inductors;Magnetic analysis;Magnetic sensors;Magnetoelasticity;Permanent magnets;Sensor arrays;Tactile sensors;Voltage}
}

@Article{tiwana2012review,
  Title                    = {A review of tactile sensing technologies with applications in biomedical engineering},
  Author                   = {Tiwana, Mohsin I and Redmond, Stephen J and Lovell, Nigel H},
  Journal                  = {Sensors and Actuators A: Physical},
  Year                     = {2012},
  Pages                    = {17--31},
  Volume                   = {179},

  Publisher                = {Elsevier}
}

@Article{trejos2009robot,
  Title                    = {Robot-assisted tactile sensing for minimally invasive tumor localization},
  Author                   = {Trejos, Ana Luisa and Jayender, Jagadeesan and Perri, MP and Naish, Michael D and Patel, Rajnikant V and Malthaner, RA},
  Journal                  = {The International Journal of Robotics Research},
  Year                     = {2009},

  Publisher                = {Sage Publications}
}

@Article{veldkamp2005laparoscopic,
  Title                    = {Laparoscopic surgery versus open surgery for colon cancer: short-term outcomes of a randomised trial},
  Author                   = {Veldkamp, Ruben and Kuhry, Esther and Hop, WC and Jeekel, J and Kazemier, G and Bonjer, H Jaap and Haglind, Eva and Pahlman, L and Cuesta, Miguel A and Msika, Simon and others},
  Journal                  = {Lancet Oncol},
  Year                     = {2005},
  Number                   = {7},
  Pages                    = {477--484},
  Volume                   = {6}
}

@Article{venkatesh2008magnetic,
  Title                    = {Magnetic resonance elastography of liver tumors-preliminary results},
  Author                   = {Venkatesh, Sudhakar K and Yin, Meng and Glockner, James F and Takahashi, Naoki and Araoz, Philip A and Talwalkar, Jayant A and Ehman, Richard L},
  Journal                  = {AJR. American Journal of Roentgenology},
  Year                     = {2008},
  Number                   = {6},
  Pages                    = {1534},
  Volume                   = {190},

  Publisher                = {NIH Public Access}
}

@Article{wen2008tuning,
  Title                    = {Tuning the sensing range and sensitivity of three axes tactile sensors using the polymer composite membrane},
  Author                   = {Wen, Chih-Chieh and Fang, Weileun},
  Journal                  = {Sensors and Actuators A: Physical},
  Year                     = {2008},
  Pages                    = {14--22},
  Volume                   = {145},

  Publisher                = {Elsevier}
}

@Article{williams2010radical,
  Title                    = {Radical retropubic prostatectomy and robotic-assisted laparoscopic prostatectomy: likelihood of positive surgical margin (s)},
  Author                   = {Williams, Stephen B and Chen, Ming-Hui and D'Amico, Anthony V and Weinberg, Aaron C and Kacker, Ravi and Hirsch, Michelle S and Richie, Jerome P and Hu, Jim C},
  Journal                  = {Urology},
  Year                     = {2010},
  Number                   = {5},
  Pages                    = {1097--1101},
  Volume                   = {76},

  Publisher                = {Elsevier}
}

@Article{yu2006softness,
  Title                    = {Softness measurements for open-cell foam materials and human soft tissue},
  Author                   = {Yu, Winnie and Li, Yongbao and Zheng, YP and Lim, NY and Lu, MH and Fan, Jintu},
  Journal                  = {Measurement Science and Technology},
  Year                     = {2006},
  Number                   = {7},
  Pages                    = {1785},
  Volume                   = {17},

  Publisher                = {IOP Publishing}
}

@Article{zysk2007optical,
  Title                    = {Optical coherence tomography: a review of clinical development from bench to bedside},
  Author                   = {Zysk, Adam M and Nguyen, Freddy T and Oldenburg, Amy L and Marks, Daniel L and Boppart, Stephen A},
  Journal                  = {Journal of Biomedical Optics},
  Year                     = {2007},
  Number                   = {5},
  Pages                    = {051403--051403},
  Volume                   = {12},

  Publisher                = {International Society for Optics and Photonics}
}

@Standard{st79,
  Title                    = {ST79-Comprehensive guide to steam sterilization and sterility assurance in health care facilities,},
  Institution              = {American National Standard/Association for the Advancement of Medical Instrumentation.},
  Organization             = {ANSI/AAMI},
  Number                   = {ST79:2010/A4:2013}
}

@misc{price1981biomechanics,
  title                    = {Biomechanics. Mechanical Properties of Living Tissues},
  author                   = {Price, JM and Patitucci, P and Fung, YC},
  year                     = {1981},
  publisher                = {Springer Verlag, New York}
}%%source for poissons ratio numbers

@incollection{cutkosky2008force,
  title={Force and tactile sensors},
  author={Cutkosky, Mark R and Howe, Robert D and Provancher, William R},
  booktitle={Springer Handbook of Robotics},
  pages={455--476},
  year={2008},
  publisher={Springer}
}