@article{Wang2015Online,
	Author = {Wang, Weifu and Berenson, Dmitry and Balkcom, Devin},
	Date-Modified = {2015-08-30 05:47:28 +0000},
	Journal = {Robotics and Automation (ICRA), 2015 IEEE International Conference on},
	Title = {{An online method for tight-tolerance insertion tasks for string and rope}},
	Year = {2015}}

@article{Padoy2011Human-Machine,
	Author = {Padoy, Nicolas and Hager, Gregory D},
	Date-Modified = {2015-08-30 05:46:55 +0000},
	Journal = {Robotics and Automation (ICRA), 2011 IEEE International Conference on},
	Title = {{Human-Machine Collaborative surgery using learned models}},
	Year = {2011}}

@inproceedings{Schulman2013Case,
	Author = {Schulman, John and Gupta, Ankush and Venkatesan, Sibi and Tayson-Frederick, Mallory and Abbeel, Pieter},
	Booktitle = {2013 IEEE/RSJ International Conference on Intelligent Robots and Systems (IROS 2013)},
	Date-Modified = {2015-08-30 05:47:37 +0000},
	Title = {{A case study of trajectory transfer through non-rigid registration for a simplified suturing scenario}},
	Year = {2013}}

@inproceedings{Hu2015Semi,
	Author = {Hu, Danying and Gong, Yuanzheng and Hannaford, Blake and Seibel, Eric J},
	Booktitle = {ICRA},
	Date-Modified = {2015-08-30 05:47:58 +0000},
	Title = {{Semi-autonomous Simulated Brain Tumor Ablation with RavenII Surgical Robot using Behavior Tree}},
	Year = {2015}}

@inproceedings{Jackson2012Modeling,
	Author = {Jackson, Russell C and Cavusoglu, M Cenk},
	Booktitle = {2012 IEEE International Conference on Robotics and Automation (ICRA)},
	Date-Modified = {2015-08-30 05:46:55 +0000},
	Title = {{Modeling of needle-tissue interaction forces during surgical suturing}},
	Year = {2012}}

@inproceedings{Hynes2006Uncalibrated,
	Author = {Hynes, P and Dodds, G I and Wilkinson, A J},
	Booktitle = {The First IEEE/RAS-EMBS International Conference on Biomedical Robotics and Biomechatronics, 2006. BioRob 2006.},
	Date-Modified = {2015-08-30 05:46:55 +0000},
	Title = {{Uncalibrated Visual-Servoing of a Dual-Arm Robot for MIS Suturing}},
	Year = {2006}}

@article{Moustris2011Evolution,
	Author = {Moustris, G P and Hiridis, S C and Deliparaschos, K M and Konstantinidis, K M},
	Date-Modified = {2015-08-30 05:46:55 +0000},
	Journal = {The International Journal of Medical Robotics and Computer Assisted Surgery},
	Title = {{Evolution of autonomous and semi-autonomous robotic surgical systems: a review of the literature}},
	Year = {2011}}

@inproceedings{Murali2015Learning,
	Author = {Murali, Adithyavairavan and Sen, Siddarth and Ben Kehoe and Garg, Animesh and Patil, Sachin and Boyd, W Douglas and Lim, Susan and Abbeel, Pieter and Goldberg, Ken},
	Booktitle = {ICRA},
	Date-Modified = {2015-08-30 05:46:55 +0000},
	Title = {{Learning by Observation for Surgical Subtasks: Multilateral Cutting of 3D Viscoelastic and 2D Orthotropic Tissue Phantoms}},
	Year = {2015}}

@inproceedings{Jackson2013Needle,
	Author = {Jackson, Russell C and Cavusoglu, M Cenk},
	Booktitle = {2013 IEEE International Conference on Robotics and Automation (ICRA)},
	Date-Modified = {2015-08-30 05:46:55 +0000},
	Title = {{Needle path planning for autonomous robotic surgical suturing}},
	Year = {2013}}

@inproceedings{Chow2013Improved,
	Author = {Chow, Der-Lin and Newman, Wyatt},
	Booktitle = {CASE},
	Date-Modified = {2015-08-30 05:46:55 +0000},
	Title = {{Improved Knot-Tying Methods for Autonomous Robot Surgery}},
	Year = {2013}}

@article{Kahn2015Active,
	Author = {Kahn, Gregory and Sujan, Peter and Patil, Sachin and Bopardikar, Shaunak and Ryde, Julian and Goldberg, Ken and Abbeel, Pieter},
	Date-Modified = {2015-08-30 05:46:55 +0000},
	Journal = {Robotics and Automation (ICRA), 2015 IEEE International Conference on},
	Title = {{Active exploration using trajectory optimization for robotic grasping in the presence of occlusions}},
	Year = {2015}}

@inproceedings{Liu2015Optimal,
	Author = {Liu, Taoming and Cavusoglu, M Cenk},
	Booktitle = {ICRA},
	Date-Modified = {2015-08-30 05:46:55 +0000},
	Title = {{Optimal Needle Grasp Selection for Automatic Execution of Suturing Tasks in Robotic Minimally Invasive Surgery}},
	Year = {2015}}

@article{Guru2012Novel,
	Author = {Guru, Khurshid A and Sheikh, Mohd Raashid and Raza, Syed J and Stegemann, Andrew P and Nyquist, John},
	Date-Modified = {2015-08-30 05:46:55 +0000},
	Journal = {The Canadian journal of urology},
	Title = {{Novel knot tying technique for robot-assisted surgery.}},
	Year = {2012}}

@inproceedings{Patil2012Estimating,
	Author = {Patil, Sachin and van den Berg, Jur and Alterovitz, Ron},
	Booktitle = {2012 IEEE International Conference on Robotics and Automation (ICRA)},
	Date-Modified = {2015-08-30 05:46:55 +0000},
	Title = {{Estimating probability of collision for safe motion planning under Gaussian motion and sensing uncertainty}},
	Year = {2012}}

@inproceedings{Patil2014Gaussian,
	Author = {Patil, Sachin and Duan, Yan and Schulman, John and Goldberg, Ken and Abbeel, Pieter},
	Booktitle = {2014 IEEE International Conference on Robotics and Automation (ICRA)},
	Date-Modified = {2015-08-30 05:46:55 +0000},
	Title = {{Gaussian belief space planning with discontinuities in sensing domains}},
	Year = {2014}}

@article{Kehoe2014Autonomous,
	Author = {Kehoe, Ben and Kahn, Gregory and Mahler, Jeffrey and Kim, Jung-Ho and Lee, Albert and Lee, Albert and Nakagawa, Koichi and Patil, Swapnil and Boyd, W Douglas and Abbeel, Pieter and Goldberg, K},
	Date-Modified = {2015-08-30 05:46:55 +0000},
	Journal = {Robotics and Automation (ICRA), 2014 IEEE International Conference on},
	Title = {{Autonomous multilateral debridement with the Raven surgical robot}},
	Year = {2014}}

@inproceedings{Nichols2013Autonomous,
	Author = {Nichols, Kirk A and Okamura, Allison M},
	Booktitle = {2013 IEEE International Conference on Robotics and Automation (ICRA)},
	Date-Modified = {2015-08-30 05:46:55 +0000},
	Title = {{Autonomous robotic palpation: Machine learning techniques to identify hard inclusions in soft tissues}},
	Year = {2013}}

@article{Schulman2014Motion,
	Author = {Schulman, John and Duan, Yan and Ho, Jonathan and Lee, Alex and Awwal, Ibrahim and Bradlow, Henry and Pan, Jia and Patil, Sachin and Goldberg, Ken and Abbeel, Pieter},
	Date-Modified = {2015-08-30 05:46:55 +0000},
	Journal = {The International Journal of Robotics Research},
	Title = {{Motion planning with sequential convex optimization and convex collision checking}},
	Year = {2014}}

@article{DiMaio2005Needle,
	Author = {DiMaio, S P and Salcudean, S E},
	Date-Modified = {2015-08-30 05:46:55 +0000},
	Journal = {IEEE Transactions on Biomedical Engineering},
	Title = {{Needle Steering and Motion Planning in Soft Tissues}},
	Year = {2005}}

@inproceedings{Platt2012Non-Gaussian,
	Author = {Platt, Robert and Kaelbling, Leslie and Lozano-Perez, Tomas and Tedrake, Russ},
	Booktitle = {2012 IEEE International Conference on Robotics and Automation (ICRA)},
	Date-Modified = {2015-08-30 05:46:55 +0000},
	Title = {{Non-Gaussian belief space planning: Correctness and complexity}},
	Year = {2012}}

@book{Kang2000Autonomous,
	Author = {Kang, Hyosig and Wen, John T},
	Date-Modified = {2015-08-30 05:46:55 +0000},
	Publisher = {IEEE},
	Title = {{Autonomous suturing using minimally invasive surgical robots}},
	Year = {2000}}

@article{Chow2014Novel,
	Author = {Chow, Der-Lin and Jackson, Russell C and Cavusoglu, Murat Cenk and Newman, Wyatt S},
	Date-Modified = {2015-08-30 05:48:06 +0000},
	Journal = {CASE},
	Title = {{A novel vision guided knot-tying method for autonomous robotic surgery.}},
	Year = {2014}}

@article{Sun2014Motion,
	Author = {Sun, Wen and Alterovitz, Ron},
	Date-Modified = {2015-08-30 05:46:55 +0000},
	Journal = {Intelligent Robots and Systems (IROS 2014), 2014 IEEE/RSJ International Conference on},
	Title = {{Motion planning under uncertainty for medical needle steering using optimization in belief space}},
	Year = {2014}}

@book{Agrawal2006Lie,
	Author = {Agrawal, Motilal},
	Date-Modified = {2015-08-30 05:47:08 +0000},
	Publisher = {IEEE},
	Title = {{A Lie Algebraic Approach for Consistent Pose Registration for General Euclidean Motion}},
	Year = {2006}}

@inproceedings{Duan2014Planning,
	Author = {Duan, Yan and Patil, Sachin and Schulman, John and Goldberg, Ken and Abbeel, Pieter},
	Booktitle = {2014 IEEE International Conference on Robotics and Automation (ICRA)},
	Date-Modified = {2015-08-30 05:46:55 +0000},
	Title = {{Planning locally optimal, curvature-constrained trajectories in 3D using sequential convex optimization}},
	Year = {2014}}

@article{Mayer2006System,
	Author = {Mayer, Hermann Georg and Gomez, Faustino J and Wierstra, Daan and Nagy, Istvan and Knoll, Alois and Schmidhuber, J{\"u}rgen},
	Date-Modified = {2015-08-30 05:47:46 +0000},
	Journal = {IROS},
	Title = {{A System for Robotic Heart Surgery that Learns to Tie Knots Using Recurrent Neural Networks.}},
	Year = {2006}}

@article{Berg2010Superhuman,
	Author = {van den Berg, Jur and Miller, Stephen and Duckworth, Daniel and Hu, Humphrey and Wan, Andrew and Fu, Xiao-Yu and Goldberg, Ken and Abbeel, Pieter},
	Date-Modified = {2015-08-30 05:46:55 +0000},
	Journal = {Robotics and Automation (ICRA), 2011 IEEE International Conference on},
	Title = {{Superhuman performance of surgical tasks by robots using iterative learning from human-guided demonstrations}},
	Year = {2010}}

@proceeding{speidel2015image,
author = {Speidel, S. and Kroehnert, A. and Bodenstedt, S. and Kenngott, H. and MÃ¼ller-Stich, B. and Dillmann, R.},
title = {
Image-based tracking of the suturing needle during laparoscopic interventions
},
journal = {Proc. SPIE},
volume = {9415},
number = {},
no-pages = {94150B-94150B-6},
year = {2015},
no-doi = {10.1117/12.2081920},
no-URL = { http://dx.doi.org/10.1117/12.2081920}
}

@incollection{wengert2007endoscopic,
  title={Endoscopic navigation for minimally invasive suturing},
  author={Wengert, Christian and Bossard, Lukas and H{\"a}berling, Armin and Baur, Charles and Sz{\'e}kely, G{\'a}bor and Cattin, Philippe C},
  booktitle={Medical Image Computing and Computer-Assisted Intervention--MICCAI 2007},
  pages={620--627},
  year={2007},
  publisher={Springer}
}

@article{schreuder2012training,
  title={Training and learning robotic surgery, time for a more structured approach: a systematic review},
  author={Schreuder, HWR and Wolswijk, R and Zweemer, RP and Schijven, MP and Verheijen, RHM},
  journal={BJOG: An International Journal of Obstetrics \& Gynaecology},
  volume={119},
  number={2},
  pages={137--149},
  year={2012},
  publisher={Wiley Online Library}
}

@inproceedings{gao2014jhu,
  title={The jhu-isi gesture and skill assessment dataset (jigsaws): A surgical activity working set for human motion modeling},
  author={Gao, Y and Vedula, SS and Reiley, CE and Ahmidi, N and Varadarajan, B and Lin, H and Tao, L and Zappella, L and Bejar, B and Yuh, D and others},
  booktitle={Medical Image Computing and Computer-Assisted Intervention (MICCAI) M2CAI Workshop},
  year={2014}
}

@inproceedings{krishnan2015tsc,
  author    = {Sanjay Krishnan and Animesh Garg and Sachin Patil and Colin Lea and Gregory Hager and Pieter Abbeel and Ken Goldberg},
  title     = {Transition State Clustering: Unsupervised Surgical Trajectory Segmentation For Robot Learning},
  booktitle = {International Symposium on Robotics Research (ISRR)},
  year      = {2015}
}

@inproceedings{lea2015improved,
  title={An improved model for segmentation and recognition of fine-grained activities with application to surgical training tasks},
  author={Lea, Colin and Hager, Gregory D and Vidal, Ren{\'e}},
  booktitle={Applications of Computer Vision (WACV), 2015 IEEE Winter Conference on},
  pages={1123--1129},
  year={2015},
  organization={IEEE}
}

@inproceedings{patil2014gaussian,
  title={Gaussian belief space planning with discontinuities in sensing domains},
  author={Patil, Swapnil and Duan, Yan and Schulman, John and Goldberg, Ken and Abbeel, Pieter},
  booktitle={Robotics and Automation (ICRA), 2014 IEEE International Conference on},
  pages={6483--6490},
  year={2014},
  organization={IEEE}
}

@techreport{martin2012articulating,
author = {Martin, D T and Woodard, J A and Shurtleff, C J and Yoo, A C},
title = {{Articulating needle driver}},
year = {2012}
}

@article{kranzfelder2013toward,
  title={Toward increased autonomy in the surgical OR: needs, requests, and expectations},
  author={Kranzfelder, Michael and Staub, Christoph and Fiolka, Adam and Schneider, Armin and Gillen, Sonja and Wilhelm, Dirk and Friess, Helmut and Knoll, Alois and Feussner, Hubertus},
  journal={Surgical endoscopy},
  volume={27},
  number={5},
  pages={1681--1688},
  year={2013},
  publisher={Springer}
}